@article{fdtd_cyll,
	author = {Ribeiro, Lu√≠sa and Novo, Marcela},
	year = {2017},
	month = {03},
	pages = {120-131},
	title = {Computational Modeling of Geoelectrical Soundings using PML-FDTD},
	volume = {16},
	journal = {Journal of Microwaves, Optoelectronics and Electromagnetic Applications}
}
@article{fdtd_yee,
	author={Kane Yee},
	journal={IEEE Transactions on Antennas and Propagation}, 
	title={Numerical solution of initial boundary value problems involving maxwell's equations in isotropic media}, 
	year={1966},
	volume={14},
	number={3},
	pages={302-307},
}
@book{fdtd_pml,	
	author = {Weng Cho Chew and Jian-Ming Jin and  Eric Michielssen and Jiming Song},
	title = {Fast and efficient algorithms in computational electromagnetics},
	publisher = {Boston : Artech House.},
	pages = {300 - 330},
	year = {2001},	
	language ="english"
}
@misc{Yee1966,
	author = {Yee, Kane S.},
	booktitle = {IEEE Transactions on Antennas and Propagation},
	issn = {15582221},
	number = {3},
	title = {{Numerical Solution of Initial Boundary Value Problems Involving Maxwell's Equations in Isotropic Media}},
	volume = {14},
	year = {1966}
}
@article{pml_first,
	title={A perfectly matched layer for the absorption of electromagnetic waves},
	author={J. B{\'e}renger},
	journal={Journal of Computational Physics},
	year={1994},
	volume={114},
	pages={185-200}
}